@article{BM,
  title={Weights and degrees in a random graph model based on 3-interactions},
  author={Backhausz, Agnes and Mori, Tamas F},
  journal={Acta Math. Hungar.},
  volume={143},
  pages={23--43},
  year={2014}
}
